@online{Docker,
    title = {What is Docker?},
    author = {{Docker Inc.}},
    year = {2017},
    URL = {https://www.docker.com/what-docker},
    urldate = {2017-03-26}
}
@online{Pthread,
    title = {Pthread API Reference},
    author = {{IBM Corporation}},
    year = {1998},
    URL = {http://cursuri.cs.pub.ro/~apc/2003/resources/pthreads/uguide/users-gu.htm#301162},
    urldate = {2017-03-26}
}
@online{AdaTasks,
    title = {Tasks and Synchronization},
    author = {{Intermetrics, Inc.}},
    year = {2016},
    URL = {http://ada-auth.org/standards/rm12_w_tc1/html/RM-9.html},
    urldate = {2017-03-26}
}
@online{AdaIntertaskComm,
    title = {Intertask Communication},
    author = {{Intermetrics, Inc.}},
    year = {2016},
    URL = {http://ada-auth.org/standards/rm12_w_tc1/html/RM-9-5.html},
    urldate = {2017-03-26}
}
@online{AdaPO,
    title = {Protected Units and Protected Objects},
    author = {{Intermetrics, Inc.}},
    year = {2016},
    URL = {http://ada-auth.org/standards/rm12_w_tc1/html/RM-9-4.html},
    urldate = {2017-03-26}
}
@online{AdaTaskImpl,
    title = {Mapping Ada Tasks onto the Underlying Kernel Threads},
    author = {{Free Software Foundation, Inc.}},
    year = {2001},
    URL = {http://gcc.gnu.org/onlinedocs/gcc-3.3.6/gnat_rm/Mapping-Ada-Tasks-onto-the-Underlying-Kernel-Threads.html},
    urldate = {2017-03-26}
}
@online{Sphinx,
    title = {Sphinx -- Python Documentation Generator},
    author = {{Georg Brandl and the Sphinx team}},
    year = {2017},
    URL = {http://www.sphinx-doc.org/en/stable/},
    urldate = {2017-03-26}
}
@online{plantuml,
    title = {PlantUML},
    author = {{Arnaud Roques}},
    year = {2017},
    URL = {http://plantuml.com/},
    urldate = {2017-03-26}
}
@online{GNAT,
    title = {Free Software and Open-Source Development with Ada},
    author = {{AdaCore}},
    year = {2017},
    URL = {http://libre.adacore.com/},
    urldate = {2017-03-26}
}
@online{GCC,
    title = {Installing GCC},
    author = {{Free Software Foundation, Inc.}},
    year = {2017},
    URL = {https://gcc.gnu.org/install/binaries.html},
    urldate = {2017-03-26}
}

